% Encoding: UTF-8

@Article{SabiEtAl2016,
  author       = {Sabi, Humphrey M. and Uzoka, Faith-Michael E. and Langmia, Kehbuma and Njeh, Felix M.},
  title        = {Conceptualizing a model for adoption of cloud computing in education},
  journaltitle = {International Journal of Information Management},
  year         = {2016},
  volume       = {36},
  number       = {2},
  pages        = {183--191},
  doi          = {10.1016/j.ijinfomgt.2015.11.010},
  url          = {http://www.sciencedirect.com/science/article/pii/S0268401215001115},
}

@Online{LewisFowler2014,
  author    = {Lewis, James and Fowler, Martin},
  title     = {Microservices: a definition of this new architectural term},
  date      = {2014-03-25},
  url       = {http://martinfowler.com/articles/microservices.html},
  urldate   = {2016-09-01},
}

@Online{Hykes2013,
  author    = {Solomon Hykes},
  title     = {The future of Linux Containers (PyCon 2013)},
  date      = {2013-03-21},
  url       = {https://www.youtube.com/watch?v=wW9CAH9nSLs},
  urldate   = {2016-09-01},
}

@MastersThesis{NavarathnaMudiyanselage2024,
  author      = {Navarathna Mudiyanselage, Isuri},
  date        = {2024},
  institution = {Lappeenranta–Lahti University of Technology (LUT)},
  title       = {AI-driven REST API testing : API automation and testing},
  language    = {english},
  location    = {Lappeenranta, Finland},
  note        = {Master’s thesis, Lappeenranta–Lahti University of Technology (LUT)},
  pagetotal   = {56},
  pubstate    = {Published},
  type        = {mathesis},
  url         = {https://urn.fi/URN:NBN:fi-fe202402197846},
  urldate     = {2024-02-19},
  file        = {:NavarathnaMudiyanselage2024.pdf:PDF},
}

@Conference{Kim2023,
  author     = {Kim, Myeongsoo and Corradini, Davide and Sinha, Saurabh and Orso, Alessandro and Pasqua, Michele and Tzoref-Brill, Rachel and Ceccato, Mariano},
  booktitle  = {Proceedings of the 32nd ACM SIGSOFT International Symposium on Software Testing and Analysis},
  date       = {2023-07-13},
  title      = {Enhancing REST API Testing with NLP Techniques},
  doi        = {10.1145/3597926.3598131},
  pages      = {1232--1243},
  publisher  = {ACM},
  series     = {ISSTA ’23},
  collection = {ISSTA ’23},
  file       = {:Kim2023.pdf:PDF},
}

@Report{Golmohammadi2023,
  author       = {Golmohammadi, Amid and Zhang, Man and Arcuri, Andrea},
  date         = {2023-11-24},
  title        = {Testing RESTful APIs: A Survey},
  doi          = {10.1145/3617175},
  number       = {1},
  pages        = {1--41},
  file         = {:Golmohammadi2023.pdf:PDF},
  issn         = {1557-7392},
  journaltitle = {ACM Transactions on Software Engineering and Methodology},
  publisher    = {Association for Computing Machinery (ACM)},
  volume       = {33},
}

@Article{Ehsan2022,
  author       = {Ehsan, Adeel and Abuhaliqa, Mohammed Ahmad M. E. and Catal, Cagatay and Mishra, Deepti},
  date         = {2022-04-26},
  journaltitle = {Applied Sciences},
  title        = {RESTful API Testing Methodologies: Rationale, Challenges, and Solution Directions},
  doi          = {10.3390/app12094369},
  issn         = {2076-3417},
  number       = {9},
  pages        = {4369},
  volume       = {12},
  file         = {:Ehsan2022.pdf:PDF},
  publisher    = {MDPI AG},
}

@Comment{jabref-meta: databaseType:biblatex;}
